<record><leader>00000cas a22000007a 4500</leader><controlfield tag="001">16936596</controlfield><controlfield tag="008">871104d18901900tnudn ne      0    0eng d</controlfield><datafield ind1=" " ind2=" " tag="010"><subfield code="a">sn 87091103 </subfield></datafield><datafield ind1=" " ind2=" " tag="040"><subfield code="a">PPM</subfield><subfield code="b">eng</subfield><subfield code="c">PPM</subfield><subfield code="d">TGN</subfield><subfield code="d">OCLCQ</subfield><subfield code="d">OCLCF</subfield><subfield code="d">OCLCO</subfield></datafield><datafield ind1="1" ind2=" " tag="029"><subfield code="a">AU@</subfield><subfield code="b">000020487390</subfield></datafield><datafield ind1=" " ind2=" " tag="042"><subfield code="a">msc</subfield></datafield><datafield ind1=" " ind2=" " tag="043"><subfield code="a">n-us-tn</subfield></datafield><datafield ind1="0" ind2="0" tag="245"><subfield code="a">Harriman daily advance.</subfield></datafield><datafield ind1="3" ind2="0" tag="246"><subfield code="a">Harriman advance</subfield></datafield><datafield ind1=" " ind2=" " tag="260"><subfield code="a">Harriman, Tenn. :</subfield><subfield code="b">W.S. Hallock</subfield></datafield><datafield ind1=" " ind2=" " tag="310"><subfield code="a">Daily (except Sun.)</subfield></datafield><datafield ind1="0" ind2=" " tag="362"><subfield code="a">Vol. 1, no. 1 (Apr. 8, 1890)-</subfield></datafield><datafield ind1="1" ind2=" " tag="362"><subfield code="a">Ceased in 1900.</subfield></datafield><datafield ind1=" " ind2=" " tag="500"><subfield code="a">Editor: A.A. Hopkins, &lt;1893&gt;</subfield></datafield><datafield ind1=" " ind2="0" tag="651"><subfield code="a">Harriman (Tenn.)</subfield><subfield code="v">Newspapers.</subfield></datafield><datafield ind1=" " ind2="0" tag="651"><subfield code="a">Roane County (Tenn.)</subfield><subfield code="v">Newspapers.</subfield></datafield><datafield ind1=" " ind2="7" tag="655"><subfield code="a">Newspapers.</subfield><subfield code="2">fast</subfield><subfield code="0">(OCoLC)fst01423814</subfield></datafield><datafield ind1=" " ind2="7" tag="651"><subfield code="a">Tennessee</subfield><subfield code="z">Harriman.</subfield><subfield code="2">fast</subfield><subfield code="0">(OCoLC)fst01228852</subfield></datafield><datafield ind1=" " ind2="7" tag="651"><subfield code="a">Tennessee</subfield><subfield code="z">Roane County.</subfield><subfield code="2">fast</subfield><subfield code="0">(OCoLC)fst01223283</subfield></datafield><datafield ind1=" " ind2=" " tag="752"><subfield code="a">United States</subfield><subfield code="b">Tenn.</subfield><subfield code="c">Roane</subfield><subfield code="d">Harriman.</subfield></datafield><datafield ind1="0" ind2=" " tag="775"><subfield code="t">Harriman weekly advance</subfield><subfield code="w">(DLC)sn 98069788</subfield></datafield><datafield ind1="0" ind2="5" tag="780"><subfield code="t">Harriman news</subfield><subfield code="g">Apr. 1, 1893</subfield></datafield><datafield ind1="0" ind2="0" tag="785"><subfield code="t">Harriman record (Harriman, Tenn. : 1900)</subfield><subfield code="w">(DLC)sn 89058104</subfield></datafield></record>